@article{Mouhot_2006,
   title={Fast algorithms for computing the Boltzmann collision operator},
   volume={75},
   ISSN={1088-6842},
   url={http://dx.doi.org/10.1090/S0025-5718-06-01874-6},
   DOI={10.1090/s0025-5718-06-01874-6},
   number={256},
   journal={Mathematics of Computation},
   publisher={American Mathematical Society (AMS)},
   author={Mouhot, Clément and Pareschi, Lorenzo},
   year={2006},
   month=jul, pages={1833–1852} }
