@article{Mouhot_2006,
   title={Fast algorithms for computing the Boltzmann collision operator},
   volume={75},
   ISSN={1088-6842},
   url={http://dx.doi.org/10.1090/S0025-5718-06-01874-6},
   DOI={10.1090/s0025-5718-06-01874-6},
   number={256},
   journal={Mathematics of Computation},
   publisher={American Mathematical Society (AMS)},
   author={Mouhot, Clément and Pareschi, Lorenzo},
   year={2006},
   month=jul, pages={1833–1852} }

@article{BenamouB00,
  title = {A computational fluid mechanics solution to the Monge-Kantorovich mass transfer problem},
  author = {Jean-David Benamou and Yann Brenier},
  year = {2000},
  doi = {10.1007/s002110050002},
  url = {http://dx.doi.org/10.1007/s002110050002},
  researchr = {https://researchr.org/publication/BenamouB00},
  cites = {0},
  citedby = {0},
  journal = {Numerische Mathematik},
  volume = {84},
  number = {3},
  pages = {375-393},
}

@article{noauthororeditor,
  added-at = {2019-12-11T00:48:10.000+0100},
  author = {Santambrogio, Filippo},
  biburl = {https://www.bibsonomy.org/bibtex/281ed66090d576f173cc088fb4596d431/kirk86},
  description = {OTAM-cvgmt.pdf},
  interhash = {d50122af28034ea04f9891cf91bd5af4},
  intrahash = {81ed66090d576f173cc088fb4596d431},
  keywords = {book optimal-transport},
  timestamp = {2019-12-11T00:48:58.000+0100},
  title = {Optimal Transport for Applied Mathematicians. Calculus of Variations, PDEs and Modeling},
  url = {https://www.math.u-psud.fr/~filippo/OTAM-cvgmt.pdf},
  year = 2015
}
